<?xml version="1.0" encoding="UTF-8"?>
<record xmlns="http://www.loc.gov/MARC21/slim" xmlns:xsi="http://www.w3.org/2001/XMLSchema-instance" xsi:schemaLocation="http://www.loc.gov/MARC21/slim http://www.loc.gov/standards/marcxml/schema/MARC21slim.xsd">
<leader>     cam a2200229   4500</leader>
<controlfield tag="001">002775914</controlfield>
<controlfield tag="003">NNU</controlfield>
<controlfield tag="005">20061010172037.0</controlfield>
<controlfield tag="008">860815s1954    le            000 1 arar</controlfield>
<datafield tag="010" ind1=" " ind2=" ">
<subfield code="a">ne 64002412</subfield>
</datafield>
<datafield tag="035" ind1="9" ind2=" ">
<subfield code="a">NYUb10478762</subfield>
</datafield>
<datafield tag="035" ind1=" " ind2=" ">
<subfield code="a">(CStRLIN)NYUG86-B28638</subfield>
</datafield>
<datafield tag="040" ind1=" " ind2=" ">
<subfield code="c">NNU</subfield>
<subfield code="d">NNU</subfield>
</datafield>
<datafield tag="050" ind1=" " ind2="0">
<subfield code="a">PJ7842.A68</subfield>
<subfield code="b">A64</subfield>
</datafield>
<datafield tag="066" ind1=" " ind2=" ">
<subfield code="c">(3</subfield>
</datafield>
<datafield tag="090" ind1=" " ind2=" ">
<subfield code="a">DS238.M35</subfield>
<subfield code="b">K362 1954</subfield>
</datafield>
<datafield tag="100" ind1="1" ind2=" ">
<subfield code="a">Karam, Karam Milḥim.</subfield>
</datafield>
<datafield tag="245" ind1="1" ind2="0">
<subfield code="6">880-01</subfield>
<subfield code="a">Abū Jaʻfar al-Manṣūr :</subfield>
<subfield code="b">qiṣṣah wa-tārīkh /</subfield>
<subfield code="c">[Taʼlīf] Karam Milḥim Karam.</subfield>
</datafield>
<datafield tag="260" ind1=" " ind2=" ">
<subfield code="a">Bayrūt;</subfield>
<subfield code="b">Manshūrāt al-Jabal al-Akhḍar</subfield>
<subfield code="c">[1954]</subfield>
</datafield>
<datafield tag="300" ind1=" " ind2=" ">
<subfield code="a">353 p.</subfield>
<subfield code="c">22 cm.</subfield>
</datafield>
<datafield tag="600" ind1="1" ind2="0">
<subfield code="a">Manṣūr, Abū Jaʻfar,</subfield>
<subfield code="c">Caliph,</subfield>
<subfield code="d">ca. 712-775</subfield>
<subfield code="v">Fiction.</subfield>
</datafield>
<datafield tag="880" ind1="1" ind2="0">
<subfield code="6">245-01/</subfield>
<subfield code="a">ابو جعفر المنصور ؛</subfield>
<subfield code="b">قصة وتاريخ /</subfield>
<subfield code="c">[تاليف] كرم ملحم كرم.</subfield>
</datafield>
<datafield tag="OWN" ind1=" " ind2=" ">
<subfield code="a">GENERAL</subfield>
</datafield>
<datafield tag="998" ind1=" " ind2=" ">
<subfield code="a">20020703</subfield>
<subfield code="d">19860815</subfield>
<subfield code="d">20020703</subfield>
<subfield code="n">NNU</subfield>
<subfield code="s">1</subfield>
<subfield code="t">c</subfield>
<subfield code="z">p</subfield>
</datafield>
<datafield tag="AVA" ind1=" " ind2=" ">
<subfield code="a">NYU50</subfield>
<subfield code="b">BOBST</subfield>
<subfield code="c">Main Collection</subfield>
<subfield code="d">DS238.M35 K362 1954</subfield>
<subfield code="e">unavailable</subfield>
<subfield code="t">Unavailable</subfield>
<subfield code="f">1</subfield>
<subfield code="g">1</subfield>
<subfield code="h">N</subfield>
<subfield code="i">0</subfield>
<subfield code="j">MAIN</subfield>
<subfield code="k">0</subfield>
</datafield>
</record>
